@article{slink,
   author = {Sibson, R.},
   title = {SLINK: An optimally efficient algorithm for the single-link cluster method},
   journal = {The Computer Journal},
   volume = {16},
   number = {1},
   pages = {30-34},
   ISSN = {0010-4620},
   DOI = {10.1093/comjnl/16.1.30},
   url = {https://doi.org/10.1093/comjnl/16.1.30},
   year = {1973},
   type = {Journal Article}
}

@inproceedings{mim,
   author = {Aghagolzadeh, Mehdi and Soltanian-Zadeh, Hamid and Araabi, B and Aghagolzadeh, Ali},
   title = {A hierarchical clustering based on mutual information maximization},
   booktitle = {2007 IEEE International Conference on Image Processing},
   year = {2007},
   publisher = {IEEE},
   volume = {1},
   pages = {I-277-I-280},
   ISBN = {1424414369},
   type = {Conference Proceedings}
}
@inproceedings{agg_ic,
   author = {Chan, C. and Al-Bashabsheh, A. and Zhou, Q.},
   title = {Agglomerative Info-Clustering},
   booktitle = {2018 IEEE International Symposium on Information Theory (ISIT)},
   pages = {1725-1729},
   ISBN = {2157-8117},
   year = {2018},
   DOI = {10.1109/ISIT.2018.8437930},
   type = {Conference Proceedings}
}

@article{ic2002,
   author = {Gokcay, Erhan and Principe, Jose C.},
   title = {Information theoretic clustering},
   journal = {IEEE Transactions on Pattern Analysis and Machine Intelligence},
   volume = {24},
   number = {2},
   pages = {158-171},
   ISSN = {0162-8828},
   year = {2002},
   type = {Journal Article}
}

@inproceedings{bhc,
   author = {Heller, Katherine A and Ghahramani, Zoubin},
   title = {Bayesian hierarchical clustering},
   booktitle = {Proceedings of the 22nd international conference on Machine learning},
   pages = {297-304},
   year={2005},
   type = {Conference Proceedings}
}

@inproceedings{dasgupta2016cost,
  title={A cost function for similarity-based hierarchical clustering},
  author={Dasgupta, Sanjoy},
  booktitle={Proceedings of the forty-eighth annual ACM symposium on Theory of Computing},
  pages={118--127},
  year={2016}
}

@article{malliaros2013clustering,
  title={Clustering and community detection in directed networks: A survey},
  author={Malliaros, Fragkiskos D and Vazirgiannis, Michalis},
  journal={Physics Reports},
  volume={533},
  number={4},
  pages={95--142},
  year={2013},
  publisher={Elsevier}
}


@article{blundell2011discovering,
  title={Discovering non-binary hierarchical structures with Bayesian rose trees},
  author={Blundell, Charles and Teh, Yee Whye and Heller, Katherine A},
  journal={Mixtures: Estimation and Applications. New York, NY, USA: Wiley},
  pages={161--187},
  year={2011},
  publisher={Wiley Online Library}
}
@misc{huang2019universal,
    title={On Universal Features for High-Dimensional Learning and Inference},
    author={Shao-Lun Huang and Anuran Makur and Gregory W. Wornell and Lizhong Zheng},
    year={2019},
    eprint={1911.09105},
    archivePrefix={arXiv},
    primaryClass={cs.LG}
}
@article{rousseeuw1999fast,
  title={A fast algorithm for the minimum covariance determinant estimator},
  author={Rousseeuw, Peter J and Driessen, Katrien Van},
  journal={Technometrics},
  volume={41},
  number={3},
  pages={212--223},
  year={1999},
  publisher={Taylor \& Francis Group}
}
@MISC{svm,
    author = {Bernhard Sch{\"o}lkopf and John C. Platt and John Shawe-Taylor and Alex J. Smola and Robert C. Williamson},
    title = {Estimating the Support of a High-Dimensional Distribution},
    journal={Neural computation},
    volume={13},
    number={7},
    pages={1443--1471},
    year={2001},
    publisher={MIT Press}    
}
@INPROCEEDINGS{if, 
author={F. T. {Liu} and K. M. {Ting} and Z. {Zhou}}, 
booktitle={2008 Eighth IEEE International Conference on Data Mining}, 
title={Isolation Forest}, 
year={2008}, 
volume={}, 
number={}, 
pages={413-422}, 
keywords={computational complexity;data mining;learning (artificial intelligence);trees (mathematics);isolation forest method;iForest method;model-based anomaly detection approach;linear time complexity;ORCA;LOF;random forest;training data;data mining;Application software;Credit cards;Detectors;Constraint optimization;Data mining;Information technology;Laboratories;Isolation technology;Performance evaluation;Astronomy;anomaly detection;outlier detection;novelty detection;isolation forest;binary trees;model based}, 
ISSN={1550-4786}, 
month={Dec},}
@article{Breunig,
 author = {Breunig, Markus M. and Kriegel, Hans-Peter and Ng, Raymond T. and Sander, J\"{o}rg},
 title = {LOF: Identifying Density-based Local Outliers},
 journal = {SIGMOD Rec.},
 issue_date = {June 2000},
 volume = {29},
 number = {2},
 month = may,
 year = {2000},
 issn = {0163-5808},
 pages = {93--104},
 numpages = {12},
 acmid = {335388},
 publisher = {ACM},
 address = {New York, NY, USA},
 keywords = {database mining, outlier detection},
}
@inproceedings{zhao2019info,
  title={Info-Detection: An Information-Theoretic Approach to Detect Outlier},
  author={Zhao, Feng and Ma, Fei and Li, Yang and Huang, Shao-Lun and Zhang, Lin},
  booktitle={International Conference on Neural Information Processing},
  pages={489--496},
  year={2019},
  organization={Springer}
}

@article{grubbs1969procedures,
  title={Procedures for detecting outlying observations in samples},
  author={Grubbs, Frank E},
  journal={Technometrics},
  volume={11},
  number={1},
  pages={1--21},
  year={1969},
  publisher={Taylor \& Francis}
}
@article{day1985optimal,
  title={Optimal algorithms for comparing trees with labeled leaves},
  author={Day, William HE},
  journal={Journal of classification},
  volume={2},
  number={1},
  pages={7--28},
  year={1985},
  publisher={Springer}
}
@article{ic2016,
   author = {Chan, C. and Al-Bashabsheh, A. and Zhou, Q. and Kaced, T. and Liu, T.},
   title = {Info-Clustering: A Mathematical Theory for Data Clustering},
   journal = {IEEE Transactions on Molecular, Biological and Multi-Scale Communications},
   volume = {2},
   number = {1},
   pages = {64-91},
   ISSN = {2372-2061},
   DOI = {10.1109/TMBMC.2016.2630054},
   year = {2016},
   type = {Journal Article}
}

@inproceedings{huang2017information,
  title={An information-theoretic approach to universal feature selection in high-dimensional inference},
  author={Huang, Shao-Lun and Makur, Anuran and Zheng, Lizhong and Wornell, Gregory W},
  booktitle={2017 IEEE International Symposium on Information Theory (ISIT)},
  pages={1336--1340},
  year={2017},
  organization={IEEE}
}

@article{narayanan,
   author = {Narayanan, H.},
   title = {The principal lattice of partitions of a submodular function},
   journal = {Linear Algebra and its Applications},
   volume = {144},
   pages = {179-216},
   ISSN = {0024-3795},
   year = {1991},
   type = {Journal Article}
}






@incollection{RN23,
    title = {Bayesian Hierarchical Community Discovery},
    author = {Blundell, Charles and Teh, Yee Whye},
    booktitle = {Advances in Neural Information Processing Systems 26},
    editor = {C. J. C. Burges and L. Bottou and M. Welling and Z. Ghahramani and K. Q. Weinberger},
    pages = {1601--1609},
    year = {2013},
    publisher = {Curran Associates, Inc.},
    url = {http://papers.nips.cc/paper/5048-bayesian-hierarchical-community-discovery.pdf}
}

@article{kolmogorov,
   author = {Kolmogorov, Vladimir},
   title = {A Faster Algorithm for Computing the Principal Sequence of Partitions of a Graph},
   journal = {Algorithmica},
   volume = {56},
   number = {4},
   pages = {394-412},
   ISSN = {1432-0541},
   year = {2010},
   type = {Journal Article}
}



@incollection{mac,
title = {Minimum Average Cost Clustering},
author = {Kiyohito Nagano and Kawahara, Yoshinobu and Satoru Iwata},
booktitle = {NIPS 23},
pages = {1759--1767},
year = {2010},
publisher = {Curran Associates, Inc.},
}

@inproceedings{pin,
   author = {Chan, C. and Al-Bashabsheh, A. and Zhou, Q.},
   title = {Info-clustering: An efficient algorithm by network information flow},
   booktitle = {2017 Information Theory and Applications Workshop (ITA)},
   pages = {1-10},
   year = {2017},
   DOI = {10.1109/ITA.2017.8023445},
   type = {Conference Proceedings}
}
@article{epidemic2020,
	title={Population network structures, graph theory, algorithms to match subgraphs may lead to better clustering of households and communities in epidemiological studies: a response},
	volume={148},
	DOI={10.1017/S0950268819002243},
	journal={Epidemiology and Infection},
	publisher={Cambridge University Press},
	author={Trickey, A. and Sood, A. and Midha, V. and Thompson, W. and Vellozzi, C. and Shadaker, S. and Surlikar, V. and Kanchi, S. and Vickerman, P. and May, M. T. and et al.},
	year={2020},
	pages={e3}
}

@article{fortunato2010community,
	title={Community detection in graphs},
	author={Fortunato, Santo},
	journal={Physics reports},
	volume={486},
	number={3-5},
	pages={75--174},
	year={2010},
	publisher={Elsevier}
}

@article{newman2006modularity,
	title={Modularity and community structure in networks},
	author={Newman, Mark EJ},
	journal={Proceedings of the national academy of sciences},
	volume={103},
	number={23},
	pages={8577--8582},
	year={2006},
	publisher={National Acad Sciences}
}
@article{hamilton2017representation,
	title={Representation learning on graphs: Methods and applications},
	author={Hamilton, William L and Ying, Rex and Leskovec, Jure},
	journal={arXiv preprint arXiv:1709.05584},
	year={2017}
}
@article{cunningham1985optimal,
	title={Optimal attack and reinforcement of a network},
	author={Cunningham, William H},
	journal={Journal of the ACM (JACM)},
	volume={32},
	number={3},
	pages={549--561},
	year={1985},
	publisher={ACM New York, NY, USA}
}
@article{RN17,
	author = {Gallo, G. and Grigoriadis, M. D. and Tarjan, R. E.},
	title = {A fast parametric maximum flow algorithm and applications},
	journal = {SIAM J. Comput.},
	volume = {18},
	number = {1},
	pages = {30-55},
	ISSN = {0097-5397},
	DOI = {10.1137/0218003},
	year = {1989},
	type = {Journal Article}
}
@article{abbe2017community,
	title={Community detection and stochastic block models: recent developments},
	author={Abbe, Emmanuel},
	journal={The Journal of Machine Learning Research},
	volume={18},
	number={1},
	pages={6446--6531},
	year={2017},
	publisher={JMLR. org}
}
@article{mossel2015reconstruction,
	title={Reconstruction and estimation in the planted partition model},
	author={Mossel, Elchanan and Neeman, Joe and Sly, Allan},
	journal={Probability Theory and Related Fields},
	volume={162},
	number={3},
	pages={431--461},
	year={2015},
	publisher={Springer}
}
@article{abbe2015exact,
	title={Exact recovery in the stochastic block model},
	author={Abbe, Emmanuel and Bandeira, Afonso S and Hall, Georgina},
	journal={IEEE Transactions on Information Theory},
	volume={62},
	number={1},
	pages={471--487},
	year={2015},
	publisher={IEEE}
}
@inproceedings{abbe2015community,
	title={Community detection in general stochastic block models: Fundamental limits and efficient algorithms for recovery},
	author={Abbe, Emmanuel and Sandon, Colin},
	booktitle={2015 IEEE 56th Annual Symposium on Foundations of Computer Science},
	pages={670--688},
	year={2015},
	organization={IEEE}
}
@article{mossel2016,
	author = "Mossel, Elchanan and Neeman, Joe and Sly, Allan",
	doi = "10.1214/16-EJP4185",
	fjournal = "Electronic Journal of Probability",
	journal = "Electron. J. Probab.",
	pages = "24 pp.",
	pno = "21",
	publisher = "The Institute of Mathematical Statistics and the Bernoulli Society",
	title = "Consistency thresholds for the planted bisection model",
	url = "https://doi.org/10.1214/16-EJP4185",
	volume = "21",
	year = "2016"
}
@article{mossel2018proof,
	title={A proof of the block model threshold conjecture},
	author={Mossel, Elchanan and Neeman, Joe and Sly, Allan},
	journal={Combinatorica},
	volume={38},
	number={3},
	pages={665--708},
	year={2018},
	publisher={Springer}
}


@inproceedings{potts1952some,
	title={Some generalized order-disorder transformations},
	author={Potts, Renfrey Burnard},
	booktitle={Mathematical proceedings of the cambridge philosophical society},
	volume={48},
	number={1},
	pages={106--109},
	year={1952},
	organization={Cambridge University Press}
}
@article{ising1925beitrag,
	title={Beitrag zur theorie des ferromagnetismus},
	author={Ising, Ernst},
	journal={Zeitschrift f{\"u}r Physik},
	volume={31},
	number={1},
	pages={253--258},
	year={1925},
	publisher={Springer}
}
@article{liu2017log,
	title={On the Log Partition Function of Ising Model on Stochastic Block Model},
	author={Liu, Lu},
	journal={arXiv preprint arXiv:1710.05287},
	year={2017}
}
@article{berthet2019exact,
	title={Exact recovery in the Ising blockmodel},
	author={Berthet, Quentin and Rigollet, Philippe and Srivastava, Piyush and others},
	journal={Annals of Statistics},
	volume={47},
	number={4},
	pages={1805--1834},
	year={2019},
	publisher={Institute of Mathematical Statistics}
}
@misc{ye2020exact,
	title={Exact recovery and sharp thresholds of Stochastic Ising Block Model},
	author={Min Ye},
	year={2020},
	eprint={2004.05944},
	archivePrefix={arXiv},
	primaryClass={math.PR}
}
@article{chen2016information,
	title={Information recovery from pairwise measurements},
	author={Chen, Yuxin and Suh, Changho and Goldsmith, Andrea J},
	journal={IEEE Transactions on Information Theory},
	volume={62},
	number={10},
	pages={5881--5905},
	year={2016},
	publisher={IEEE}
}
@article{zhang2016,
	author = "Zhang, Anderson Y. and Zhou, Harrison H.",
	doi = "10.1214/15-AOS1428",
	fjournal = "Annals of Statistics",
	journal = "Ann. Statist.",
	month = "10",
	number = "5",
	pages = "2252--2280",
	publisher = "The Institute of Mathematical Statistics",
	title = "Minimax rates of community detection in stochastic block models",
	url = "https://doi.org/10.1214/15-AOS1428",
	volume = "44",
	year = "2016"
}
@article{newman2016equivalence,
	title={Equivalence between modularity optimization and maximum likelihood methods for community detection},
	author={Newman, Mark EJ},
	journal={Physical Review E},
	volume={94},
	number={5},
	pages={052315},
	year={2016},
	publisher={APS}
}
@inproceedings{he2016fast,
	title={A fast simulated annealing strategy for community detection in complex networks},
	author={He, Jialin and Chen, Duanbing and Sun, Chongjing},
	booktitle={2016 2nd IEEE International Conference on Computer and Communications (ICCC)},
	pages={2380--2384},
	year={2016},
	organization={IEEE}
}
@article{clauset2004finding,
	title={Finding community structure in very large networks},
	author={Clauset, Aaron and Newman, Mark EJ and Moore, Cristopher},
	journal={Physical review E},
	volume={70},
	number={6},
	pages={066111},
	year={2004},
	publisher={APS}
}
@article{metropolis1953equation,
  title={Equation of state calculations by fast computing machines},
  author={Metropolis, Nicholas and Rosenbluth, Arianna W and Rosenbluth, Marshall N and Teller, Augusta H and Teller, Edward},
  journal={The journal of chemical physics},
  volume={21},
  number={6},
  pages={1087--1092},
  year={1953},
  publisher={American Institute of Physics}
}
@article{abbe2015recovering,
  title={Recovering communities in the general stochastic block model without knowing the parameters},
  author={Abbe, Emmanuel and Sandon, Colin},
  journal={arXiv preprint arXiv:1506.03729},
  year={2015}
}
@inproceedings{esmaeili2019community,
	title={Exact recovery in the binary stochastic block model with binary side information},
	author={Saad, Hussein and Abotabl, Ahmed and Nosratinia, Aria},
	booktitle={55th Annual Allerton Conference on Communication, Control, and Computing (Allerton)},
	pages={822--829},
	year={2017},
	organization={IEEE}
}
@inproceedings{esmaeili2019exact,
	title={Exact recovery by semidefinite programming in the binary stochastic block model with partially revealed side information},
	author={Esmaeili, Mohammad and Saad, Hussein and Nosratinia, Aria},
	booktitle={ICASSP 2019-2019 IEEE International Conference on Acoustics, Speech and Signal Processing (ICASSP)},
	pages={3477--3481},
	year={2019},
	organization={IEEE}
}
@article{saad2018community,
	title={Community detection with side information: Exact recovery under the stochastic block model},
	author={Saad, Hussein and Nosratinia, Aria},
	journal={IEEE Journal of Selected Topics in Signal Processing},
	volume={12},
	number={5},
	pages={944--958},
	year={2018},
	publisher={IEEE}
}
@article{gao2018community,
	title={Community detection in degree-corrected block models},
	author={Gao, Chao and Ma, Zongming and Zhang, Anderson Y and Zhou, Harrison H and others},
	journal={Annals of Statistics},
	volume={46},
	number={5},
	pages={2153--2185},
	year={2018},
	publisher={Institute of Mathematical Statistics}
}
@article{hajek2016achieving,
	title={Achieving exact cluster recovery threshold via semidefinite programming: Extensions},
	author={Hajek, Bruce and Wu, Yihong and Xu, Jiaming},
	journal={IEEE Transactions on Information Theory},
	volume={62},
	number={10},
	pages={5918--5937},
	year={2016},
	publisher={IEEE}
}
@article{amini2018semidefinite,
	title={On semidefinite relaxations for the block model},
	author={Amini, Arash A and Levina, Elizaveta and others},
	journal={The Annals of Statistics},
	volume={46},
	number={1},
	pages={149--179},
	year={2018},
	publisher={Institute of Mathematical Statistics}
}
@inproceedings{abbe17sideinfo,
	author={A. R. {Asadi} and E. {Abbe} and S. {Verdú}},
	booktitle={2017 IEEE International Symposium on Information Theory (ISIT)}, 
	title={Compressing data on graphs with clusters}, 
	year={2017},
	volume={},
	number={},
	pages={1583-1587}
}
@article{complex2021,
	title={复杂网络中的社团发现算法综述},
	author={李辉 and 陈福才 and 张建朋 and 吴铮 and 李邵梅 and 黄瑞阳},
	journal={计算机应用研究},
	volume={38},
	number={6},   
	year={2021}
}
@article{zheng2020,
	title={一种度修正的属性网络随机块模型},
	author={郑忆美 and 贾彩燕 and 常振海 and 李轩涯},
	journal={计算机研究与发展},
	volume={57},
	number={8},
	pages={1650},
	year={2020}
}
@mastersthesis{cui2018,
	title={鲁棒随机块模型与算法研究},
	author={崔贤娟},
	year={2018},
	school={吉林大学}
}
@article{zhao2016,
	title={一种高效的随机块模型学习算法},
	author={赵学华 and 杨博 and 陈贺昌 and others},
	journal={软件学报},
	volume={27},
	number={9},
	pages={2248--2264},
	year={2016}
}
